
@misc{zanibbi_clustering_2010,
	type = {Lecture {Slides}},
	title = {Clustering (distance and similarity metrics; clustering criterion functions)},
	language = {English},
	urldate = {2017-01-13},
	journal = {4005-759-01: Pattern Recognition (RIT CS, 20092)},
	author = {Zanibbi, Richard},
	year = {2010},
	file = {Clustering.pdf:/home/albert/Stuff/MEGAsync/Data/zotero/storage/ZN332ER4/Clustering.pdf:application/pdf},
        howpublished = "\url{https://www.cs.rit.edu/~rlaz/prec20092/slides/Clustering.pdf/}",
        note = {Accessed: 2017-01-13}
}
